<?xml version="1.0" encoding="UTF-8"?><collection xmlns="http://www.loc.gov/MARC21/slim"><record><leader>00687nam--2200241-u-4500</leader><controlfield tag="001">000050421</controlfield><controlfield tag="002">20161230</controlfield><controlfield tag="003">81823</controlfield><controlfield tag="005">20161230201048</controlfield><controlfield tag="008">070315s1000------------r-----000-0-eng-d</controlfield><datafield ind1=" " ind2=" " tag="020"><subfield code="a">3-540-43396-1</subfield></datafield><datafield ind1=" " ind2=" " tag="040"><subfield code="a">IFIN-HH</subfield></datafield><datafield ind1=" " ind2=" " tag="041"><subfield code="a">eng</subfield></datafield><datafield ind1=" " ind2=" " tag="080"><subfield code="a">530.145:531:536.75</subfield></datafield><datafield ind1="1" ind2=" " tag="100"><subfield code="a">Magnus,W.C.J</subfield></datafield><datafield ind1="1" ind2="0" tag="245"><subfield code="a">Quantum Transport in Submicron Devices</subfield><subfield code="b">A Theoretical Introduction</subfield><subfield code="c">Wim Magnus; Wim Schoenmaker</subfield></datafield><datafield ind1=" " ind2=" " tag="260"><subfield code="a">Berlin</subfield><subfield code="b">Springer-Verlag</subfield><subfield code="c">2002</subfield></datafield><datafield ind1=" " ind2=" " tag="300"><subfield code="a">270 p</subfield></datafield><datafield ind1=" " ind2=" " tag="490"><subfield code="a">Springer Series in Solid-States Science</subfield><subfield code="v">Vol.137</subfield></datafield><datafield ind1=" " ind2="4" tag="650"><subfield code="a">Classical Mechanics</subfield></datafield><datafield ind1="1" ind2=" " tag="700"><subfield code="a">Schoenmaker,W.J</subfield></datafield><datafield ind1=" " ind2=" " tag="852"><subfield code="a">81823</subfield><subfield code="c">530.161</subfield></datafield><datafield ind1=" " ind2=" " tag="CAT"><subfield code="a">Sys</subfield><subfield code="c">20110404</subfield><subfield code="h">162050</subfield></datafield></record></collection>